<?xml version="1.0" encoding="UTF-8"?><collection><record><leader>06635ntm a2200541 a 4500</leader><controlfield tag="001">006815111</controlfield><controlfield tag="003">MiAaHDL</controlfield><controlfield tag="005">20190719000000.0</controlfield><controlfield tag="006">m        d        </controlfield><controlfield tag="007">cr bn ---auaua</controlfield><controlfield tag="008">090610s1831    xx            00| ||ara d</controlfield><datafield tag="035" ind1=" " ind2=" "><subfield code="a">(MiU)006815111</subfield></datafield><datafield tag="035" ind1=" " ind2=" "><subfield code="a">sdr-miu006815111</subfield></datafield><datafield tag="040" ind1=" " ind2=" "><subfield code="a">MiU</subfield><subfield code="c">MiU</subfield><subfield code="e">amremm</subfield></datafield><datafield tag="043" ind1=" " ind2=" "><subfield code="a">n-us-mi</subfield></datafield><datafield tag="100" ind1="1" ind2=" "><subfield code="6">880-01</subfield><subfield code="a">Ghamrī, ‘Abd al-Wahhāb al-Khaṭīb,</subfield><subfield code="d">fl. 1621.</subfield></datafield><datafield tag="245" ind1="1" ind2="3"><subfield code="6">880-03</subfield><subfield code="a">al-ʻArf al-nadī fī sharḥ qaṣīdat Ibn al-Wardī,</subfield><subfield code="f">[1246, i.e. 1831].</subfield></datafield><datafield tag="246" ind1="3" ind2="4"><subfield code="a">عرف الندى</subfield></datafield><datafield tag="260" ind1=" " ind2=" "><subfield code="c">[1831].</subfield></datafield><datafield tag="300" ind1=" " ind2=" "><subfield code="a">52 leaves :</subfield><subfield code="b">paper ;</subfield><subfield code="c">245 x 170 (175 x 102) mm. bound to 250 x 177 mm.</subfield></datafield><datafield tag="500" ind1=" " ind2=" "><subfield code="a">Shelfmark: Ann Arbor, University of Michigan, Special Collections Library, Isl. Ms. 637</subfield></datafield><datafield tag="500" ind1=" " ind2=" "><subfield code="a">Origin: As appears in colophon on p.108, transcription completed 9 Shaʻbān 1246 [ca. 23 January 1831]. As appears in preceding authorial colophon (also on p.108), composition completed 5 Rabīʻ II 1030 [ca. 27 February 1621].</subfield></datafield><datafield tag="500" ind1=" " ind2=" "><subfield code="a">Accompanying materials: a. Inventory cataloguing slip in hand of Winifred Smeaton Thomas (pp.1-2) -- b. Acquisitions slip from Yahuda (pp.3-4).</subfield></datafield><datafield tag="500" ind1=" " ind2=" "><subfield code="a">Former shelfmark: From interior of upper cover and spine label "IL 247" (likely supplied by Yahuda, see acquisitions slip).</subfield></datafield><datafield tag="500" ind1=" " ind2=" "><subfield code="a">Binding: Boards covered in dark red cloth ; Western style binding ; pastedowns and flyleaves in light blue-green wove paper ; upper cover bears gold-stamped title "العرف الندي" ; resewn in white thread, eight stations ; overall in good condition.</subfield></datafield><datafield tag="500" ind1=" " ind2=" "><subfield code="a">Support: European laid paper in at least two types ; one type with 7-8 laid lines per cm. (vertical), chain lines spaced 28 mm. apart (horizontal), and three crescents and "I M C" watermarks (see p.16, 17, 38, 108, 109, etc.) ; another type with 7-8 laid lines per cm. (vertical), chain lines spaced 26 mm. apart (horizontal), and crescent with face watermark (see p.62, etc.) ; all well-burnished, fairly stiff and sturdy ; some staining and tears ; repairs in wove paper.</subfield></datafield><datafield tag="500" ind1=" " ind2=" "><subfield code="a">Decoration: Keywords, some abbreviation symbols (stroke over keywords), and passages of text being commented upon rubricated ; textual dividers in the form of red discs or inverted commas.</subfield></datafield><datafield tag="500" ind1=" " ind2=" "><subfield code="a">Script: Naskh ; two clear Turkish or 'Syrian' hands ; opening hand (through p.26) a naskh, mainly serifless (though very slight right-sloping head-serif appears on some free-standing alifs) with curvilinear descenders, elongation of horizontal strokes, pointing in distinct dots, medial hāʼ sharply mudghamah, kāf mashkūlah (mashqūqah) preferred (even final kāf, without hamzah-like miniature kāf), bowl of final nūn fairly wide with point set just inside ; following hand (p.27 through close) a slightly more elegant naskh, partially seriffed with right-sloping head-serif mainly on free-standing alif (also occasional joined alifs, lām of definite article, etc.), tilt to the left, elongation in the vertical, curvilinear descenders, pointing in distinct dots, initial hāʼ in nice wajh al-hirr (more pointed, with path of the penstroke quite evident), final kāf without shaqq and with hamzah-like miniature kāf.</subfield></datafield><datafield tag="500" ind1=" " ind2=" "><subfield code="a">Layout: Written in 25 lines per page ; frame-ruled.</subfield></datafield><datafield tag="500" ind1=" " ind2=" "><subfield code="a">Collation: i, II-1 (3), II (7), III (13), II (17), 3 (20), 3 V(50), I (52), i ; chiefly quinions ; catchwords present ; pagination in pencil, Western numerals, supplied during digitization (includes inserts and flyleaves).</subfield></datafield><datafield tag="500" ind1=" " ind2=" "><subfield code="a">Colophon: "Authorial," reads "قال مؤلفه رحمه الله تعالى ورضي عنه فرغت منه يوم الجمعة المبارك خامس شهر ربيع الثاني لسنة ثلاثين والف من الهجرة النبوية ه" ; "Scribal," triangular, reads "وكان الفراغ من نسخه يوم الاحد المبارك تسعة مضت من شهر شعبان المعظم الذهو من شهور سنة ۱۲٤٦ ستة واربعون ومائتين والف من الهجرة امين م"</subfield></datafield><datafield tag="500" ind1=" " ind2=" "><subfield code="a">Explicit: "وقد تقدم انها من بحر الرمل وتقدم تفصيله وفي هذا القدر كفاية ونسأل الله ان يتقبل منا ذلك وان يسلك بنا احسن المسالك ... انك سميع قريب مجيب الدعوات يا رب العالمين وسلام على المرسلين والحمد لله رب العالمين ه"</subfield></datafield><datafield tag="500" ind1=" " ind2=" "><subfield code="a">Incipit: "الحمد لله الذي نسج في الازل شقة النصيحة باعتزال ذكر الاغاني والغزل ... وبعد فان القصيدة الوردية اللامية المنظومة من بحر الرمل ووزنه فاعلاتن فاعلاتن فاعلاة ثلاث مرات المسماة بنصيحة الاخوان ومرشدة الخلان ... وكنت ممن اطلع عليها مرارا عديدة وفي كل حين يظهر لي منها فوائد جليلة وقد حاولت نفسي المرة بعد المرة ان اكتب عليها ما فيه للعيون قرة ... وشرعت في شرح لطيف يحل الفاظها ... وسميته العرف الندي في قصيدة بن الوردي ..."</subfield></datafield><datafield tag="500" ind1=" " ind2=" "><subfield code="a">Title from 'title page' (p.7) and opening matter (preface) on p.9.</subfield></datafield><datafield tag="500" ind1=" " ind2=" "><subfield code="a">Ms. codex.</subfield></datafield><datafield tag="510" ind1="4" ind2=" "><subfield code="a">Brockelmann, C. GAL,</subfield><subfield code="c">II 140 (no.3 a) ; S II 175</subfield></datafield><datafield tag="520" ind1="8" ind2=" "><subfield code="a">Careful copy of the commentary by ʻAbd al-Wahhāb al-Khaṭīb al-Ghamrī (fl. 1621) on Zayn al-Dīn Abū Ḥafṣ ʻUmar ibn Muẓaffar Ibn al-Wardī's (d. 1349) qaṣīdah called al-Lāmīyah or Naṣīḥat al-ikhwān wa-murshidat al-khillān, a moral poem of 77 verses in the ramal metre.</subfield></datafield><datafield tag="538" ind1=" " ind2=" "><subfield code="a">Mode of access: Internet.</subfield></datafield><datafield tag="541" ind1=" " ind2=" "><subfield code="a">Acquired in 1926 from the bookseller Isaac Benjamin S.E. Yahuda via purchase transacted on his behalf by Abraham Shalom Yahuda (1877-1951), his younger brother.</subfield></datafield><datafield tag="546" ind1=" " ind2=" "><subfield code="a">Arabic.</subfield></datafield><datafield tag="561" ind1=" " ind2=" "><subfield code="a">Occasional marginal corrections, variants, etc. noted in margins.</subfield></datafield><datafield tag="600" ind1="1" ind2="0"><subfield code="a">Ibn al-Wardī, Zayn al-Dīn ʻUmar ibn al-Muẓaffar,</subfield><subfield code="d">-1349.</subfield><subfield code="t">Naṣīḥat al-ikhwān wa-murshidat al-khillān.</subfield></datafield><datafield tag="650" ind1=" " ind2="0"><subfield code="a">Manuscripts, Arabic</subfield><subfield code="z">Michigan</subfield><subfield code="z">Ann Arbor.</subfield></datafield><datafield tag="650" ind1=" " ind2="0"><subfield code="a">Islamic poetry, Arabic</subfield><subfield code="x">History and criticism</subfield><subfield code="v">Early works to 1800.</subfield></datafield><datafield tag="650" ind1=" " ind2="0"><subfield code="a">Arabic poetry</subfield><subfield code="y">1258-1800.</subfield></datafield><datafield tag="773" ind1="0" ind2=" "><subfield code="a">Yahuda Collection.</subfield></datafield><datafield tag="880" ind1="1" ind2="2"><subfield code="6">245-03/</subfield><subfield code="a">العرف الندي في شرح قصيدة ابن الوردي,</subfield><subfield code="f">[1246ه، 1831م].</subfield></datafield><datafield tag="880" ind1="1" ind2=" "><subfield code="6">100-01/</subfield><subfield code="a">غمري, عبد الوهاب الخطيب.</subfield></datafield><datafield tag="CID" ind1=" " ind2=" "><subfield code="a">006815111</subfield></datafield><datafield tag="DAT" ind1="0" ind2=" "><subfield code="a">20190719102638.0</subfield><subfield code="b">20190719000000.0</subfield></datafield><datafield tag="DAT" ind1="1" ind2=" "><subfield code="a">20190719090653.0</subfield><subfield code="b">2019-07-19T16:12:02Z</subfield></datafield><datafield tag="DAT" ind1="2" ind2=" "><subfield code="a">2015-10-10T18:00:06Z</subfield></datafield><datafield tag="CAT" ind1=" " ind2=" "><subfield code="a">SDR-MIU</subfield><subfield code="d">EX LIBRIS - ALEPH</subfield><subfield code="l">prepare.pl-004-008</subfield></datafield><datafield tag="FMT" ind1=" " ind2=" "><subfield code="a">BK</subfield></datafield><datafield tag="HOL" ind1=" " ind2=" "><subfield code="0">sdr-miu006815111</subfield><subfield code="a">MiU</subfield><subfield code="b">SDR</subfield><subfield code="c">MIU</subfield><subfield code="p">mdp.39015079129287</subfield><subfield code="s">MIU</subfield><subfield code="1">006815111</subfield></datafield><datafield tag="974" ind1=" " ind2=" "><subfield code="b">MIU</subfield><subfield code="c">MIU</subfield><subfield code="d">20190719</subfield><subfield code="s">lit-dlps-dc</subfield><subfield code="u">mdp.39015079129287</subfield><subfield code="y">1831</subfield><subfield code="r">pd</subfield><subfield code="q">bib</subfield><subfield code="t">non-US bib date1 &lt; 1879</subfield></datafield></record></collection>